<?xml version="1.0" encoding="UTF-8"?><collection xmlns="http://www.loc.gov/MARC21/slim"><record><leader>00430nam--2200145-i-4500</leader><controlfield tag="001">000001878</controlfield><controlfield tag="002">20161230</controlfield><controlfield tag="005">20161230201024</controlfield><controlfield tag="008">060222s1000------------r-----000-0-eng-d</controlfield><datafield ind1=" " ind2=" " tag="080"><subfield code="a">621.039.54-42</subfield></datafield><datafield ind1=" " ind2=" " tag="100"><subfield code="a">Freund,George. A</subfield></datafield><datafield ind1=" " ind2=" " tag="245"><subfield code="a">Materials for control rod drive mechanisms. an aec monograph</subfield></datafield><datafield ind1=" " ind2=" " tag="260"><subfield code="a">New York, Rowman And Littlefield, Inc,. 1963. Viii + 209 P</subfield></datafield><datafield ind1=" " ind2=" " tag="490"><subfield code="a">American Society For Metals</subfield></datafield><datafield ind1=" " ind2=" " tag="852"><subfield code="a">19787</subfield></datafield></record></collection>